@inproceedings{Skeleton2013,
  title={{Application Skeletons}: Encapsulating {MTC} Application Task Computation and {I/O}},
  author={Zhang, Zhao and Katz, Daniel S},
  booktitle={6th Workshop on Many-Task Computing on Clouds, Grids, and Supercomputers (MTAGS) 2013},
  year={2013}
}

@inproceedings{Skeleton2014,
  title={Using Application Skeletons to Improve {eScience} Infrastructure},
  author={Zhang, Zhao and Katz, Daniel S},
  booktitle={10th IEEE International Conference on e-Science (e-Science 2014)},
  year={2014}
}

