@inproceedings{SWIFT07,
  title={Swift: Fast, reliable, loosely coupled parallel computation},
  author={Zhao, Yong and Hategan, Mihael and Clifford, Ben and Foster, Ian and Von Laszewski, Gregor and Nefedova, Veronika and Raicu, Ioan and Stef-Praun, Tiberiu and Wilde, Michael},
  booktitle={IEEE Congress on Services},
  pages={199--206},
  year={2007},
  organization={IEEE}
}

@article{SWIFT09,
  author = {Wilde, Michael and Foster, Ian and Iskra, Kamil and Beckman, Pete and Zhang, Zhao and Espinosa, Allan and Hategan, Mihael and Clifford, Ben and Raicu, Ioan},
  title = {Parallel Scripting for Applications at the Petascale and Beyond},
  journal ={Computer},
  volume = {42},
  year = {2009},
  pages = {50-60},
  doi = {10.1109/MC.2009.365},
  publisher = {IEEE Computer Society},
}

@ARTICLE{SWIFT11,
  title = {Swift: {A} language for distributed parallel scripting},
  author = {Michael Wilde and Mihael Hategan and Justin M. Wozniak
            and Ben Clifford and Daniel S. Katz and Ian Foster},
  journal = {Par. Comp.},
  month = {September},
  pages={633--652},
  year = {2011},
  doi={10.1016/j.parco.2011.05.005}
}

@article{PEGASUS05,
  author = "E. Deelman and G. Singh and M.-H. Su and J. Blythe and Y. Gil and C. Kesselman and G. Mehta and K. Vahl and G. B. Berriman and J. Good and A. Laity and J. C. Jacob and D. S. Katz",
  title = "Pegasus: A framework for mapping complex scientific workflows onto distributed systems",
  journal = "Scientific Programming Journal",
  volume = "13",
  number = "3",
  pages = "219--237",
  year = "2005"
}

@incollection{PEGASUS04,
  author = {Deelman, Ewa and Blythe, James and Gil, Yolanda and Kesselman, Carl and Mehta, Gaurang and Patil, Sonal and Su, Mei-Hui and Vahi, Karan and Livny, Miron},
  affiliation = {USC Information Sciences Institute, Marina Del Rey, CA 90292  },
  title = {Pegasus: Mapping Scientific Workflows onto the Grid},
  booktitle = {Grid Computing},
  series = {Lect. Notes in Comp. Sci.},
  editor = {Dikaiakos, Marios D.},
  publisher = {Springer},
  pages = {131-140},
  volume = {3165},
  year = {2004}
}

@article{AIMES15,
  title={Integrating Abstractions to Enhance the Execution of Distributed Applications},
  author={Turilli, Matteo and Zhang, Zhao and Merzky, Andre and Wilde, Michael and Weissman, Jon and Katz, Daniel S and Jha, Shantenu and others},
  journal={arXiv preprint arXiv:1504.04720},
  year={2015}
}